@inproceedings{FP,
  author = {William Fulton and Rahul Pandharipande},
  title = {Notes on stable maps and quantum cohomology 1995},
  booktitle = {Proceedings of Symposia in Pure Mathematics},
  page = {45--96},
  volume = {62},
  part = {2},
  year = {1997},
  publisher = {AMS}
}

@article{BM,
  author = {Kai Behrend and Yuri I. Manin},
  title = {Stacks of stable maps and Gromov-Witten invariants},
  journal = {Duke Math Journal},
  year = {1996},
  volume = {85},
  pages = {1--60}
}

@misc{S,
  author = {Johannes Schmitt},
  title = {Lecture notes on the moduli space of curves},
  publisher = {University of Bonn},
  year = {2020},
  howpublished = "\url{https://www.math.uni-bonn.de/~schmitt/ModCurves/Script.pdf}"
}

@book{V,
  author = {Ravi Vakil},
  title = {The Rising Sea: Foundations of Algebraic Geometry},
  publisher = {Princeton University Press},
  year = {2025}
}
