@misc{zhu,
      title={An introduction to affine Grassmannians and the geometric Satake equivalence}, 
      author={Xinwen Zhu},
      year={2016},
      eprint={1603.05593},
      archivePrefix={arXiv},
      primaryClass={math.AG},
      url={https://arxiv.org/abs/1603.05593}, 
}

@inproceedings{Brion2004FrobeniusSM,
  title={Frobenius splitting methods in geometry and representation theory},
  author={Michel Brion and Shrawan Kumar},
  year={2004},
  url={https://api.semanticscholar.org/CorpusID:117008164}
}

@book{vakil2025,
  title     = "The Rising Sea: Foundations of Algebraic Geometry",
  author    = "Vakil, Ravi",
  year      = 2025,
  publisher = "Princeton University Press",
  address   = "41 William Street, Princeton, New Jersey, 08540"
}